%% This BibTeX bibliography file was created using BibDesk.
%% http://bibdesk.sourceforge.net/


%% Created for Willem Heijltjes at 2019-02-10 23:47:43 +0000 


%% Saved with string encoding Unicode (UTF-8) 



@inproceedings{Hetzl-2010,
	Author = {Stefan Hetzl},
	Booktitle = {Computer Science Logic (CSL)},
	Date-Added = {2019-02-08 16:48:49 +0000},
	Date-Modified = {2019-02-08 16:48:49 +0000},
	Keywords = {first-order, explicit substitution, classical logic},
	Pages = {351--365},
	Series = {LNCS},
	Title = {A sequent calculus with implicit term representation},
	Volume = {6247},
	Year = {2010}}

@techreport{Heijltjes-Hughes-Strassburger-2018,
	Author = {Willem Heijltjes and Dominic Hughes and Lutz Stra{\ss}burger},
	Date-Added = {2019-02-08 16:48:38 +0000},
	Date-Modified = {2019-02-10 23:47:43 +0000},
	Institution = {INRIA},
	Keywords = {proof nets, linear logic, first-order, me},
	Number = {RR-9201},
	Title = {Proof nets for first-order additive linear logic},
	Url = {hal.inria.fr/hal-01867625/},
	Year = {2018}}

@inproceedings{Honda-Vasconcelos-Kubo-1998,
	Author = {Kohei Honda and Vasco Vasconcelos and Makoto Kubo},
	Booktitle = {European Symposium on Programming},
	Date-Added = {2018-09-03 23:19:56 +0100},
	Date-Modified = {2018-09-03 23:19:56 +0100},
	Keywords = {session types, pi-calculus},
	Pages = {122--138},
	Title = {Language primitives and type disciplines for structured communication-based programming.},
	Year = {1998},
	Bdsk-File-1 = {YnBsaXN0MDDSAQIDBFxyZWxhdGl2ZVBhdGhZYWxpYXNEYXRhXxBtLi4vLi4vLi4vLi4vUGFwZXJzL0hvbmRhL0xhbmd1YWdlIHByaW1pdGl2ZXMgYW5kIHR5cGUgZGlzY2lwbGluZXMgZm9yIHN0cnVjdHVyZWQgY29tbXVuaWNhdGlvbi1iYXNlZC0xOTk4LnBkZk8RAmgAAAAAAmgAAgAADE1hY2ludG9zaCBIRAAAAAAAAAAAAAAAAAAAANNQt6ZIKwAAAAyL9R9MYW5ndWFnZSBwcmltaXRpdmVzIzEzNDM2OUMucGRmAAAAAAAAAAAAAAAAAAAAAAAAAAAAAAAAAAAAAAAAAAABNDac17LL0gAAAAAAAAAAAAQAAwAACSAAAAAAAAAAAAAAAAAAAAAFSG9uZGEAABAACAAA01CplgAAABEACAAA17K9wgAAAAEAEAAMi/UADImOAAx2/wAGMLwAAgBKTWFjaW50b3NoIEhEOlVzZXJzOgBXaWxsZW06AFBhcGVyczoASG9uZGE6AExhbmd1YWdlIHByaW1pdGl2ZXMjMTM0MzY5Qy5wZGYADgCqAFQATABhAG4AZwB1AGEAZwBlACAAcAByAGkAbQBpAHQAaQB2AGUAcwAgAGEAbgBkACAAdAB5AHAAZQAgAGQAaQBzAGMAaQBwAGwAaQBuAGUAcwAgAGYAbwByACAAcwB0AHIAdQBjAHQAdQByAGUAZAAgAGMAbwBtAG0AdQBuAGkAYwBhAHQAaQBvAG4ALQBiAGEAcwBlAGQALQAxADkAOQA4AC4AcABkAGYADwAaAAwATQBhAGMAaQBuAHQAbwBzAGgAIABIAEQAEgBuVXNlcnMvV2lsbGVtL1BhcGVycy9Ib25kYS9MYW5ndWFnZSBwcmltaXRpdmVzIGFuZCB0eXBlIGRpc2NpcGxpbmVzIGZvciBzdHJ1Y3R1cmVkIGNvbW11bmljYXRpb24tYmFzZWQtMTk5OC5wZGYAEwABLwAAFQACAA3//wAAAAgADQAaACQAlAAAAAAAAAIBAAAAAAAAAAUAAAAAAAAAAAAAAAAAAAMA}}

@article{Joyal-1995,
	Author = {Andre Joyal},
	Date-Added = {2018-09-03 23:18:51 +0100},
	Date-Modified = {2018-09-03 23:19:27 +0100},
	Journal = {Proc. 10th Int. Cong. of Logic, Methodology and Philosophy of Science},
	Keywords = {ALL, game semantics, linear logic},
	Title = {Free Lattices, Communication and Money Games},
	Year = {1995},
	Bdsk-File-1 = {YnBsaXN0MDDSAQIDBFxyZWxhdGl2ZVBhdGhZYWxpYXNEYXRhXxBOLi4vLi4vLi4vLi4vUGFwZXJzL0pveWFsL0ZyZWUgTGF0dGljZXMsIENvbW11bmljYXRpb24gYW5kIE1vbmV5IEdhbWVzLTE5OTUucGRmTxECDAAAAAACDAACAAAMTWFjaW50b3NoIEhEAAAAAAAAAAAAAAAAAAAA01C3pkgrAAAADIw7H0ZyZWUgTGF0dGljZXMsIENvbW11biNDOEM0My5wZGYAAAAAAAAAAAAAAAAAAAAAAAAAAAAAAAAAAAAAAAAAAAAMjEPJt3f0AAAAAAAAAAAABAADAAAJIAAAAAAAAAAAAAAAAAAAAAVKb3lhbAAAEAAIAADTUKmWAAAAEQAIAADJt2nkAAAAAQAQAAyMOwAMiY4ADHb/AAYwvAACAEpNYWNpbnRvc2ggSEQ6VXNlcnM6AFdpbGxlbToAUGFwZXJzOgBKb3lhbDoARnJlZSBMYXR0aWNlcywgQ29tbXVuI0M4QzQzLnBkZgAOAGwANQBGAHIAZQBlACAATABhAHQAdABpAGMAZQBzACwAIABDAG8AbQBtAHUAbgBpAGMAYQB0AGkAbwBuACAAYQBuAGQAIABNAG8AbgBlAHkAIABHAGEAbQBlAHMALQAxADkAOQA1AC4AcABkAGYADwAaAAwATQBhAGMAaQBuAHQAbwBzAGgAIABIAEQAEgBPVXNlcnMvV2lsbGVtL1BhcGVycy9Kb3lhbC9GcmVlIExhdHRpY2VzLCBDb21tdW5pY2F0aW9uIGFuZCBNb25leSBHYW1lcy0xOTk1LnBkZgAAEwABLwAAFQACAA3//wAAAAgADQAaACQAdQAAAAAAAAIBAAAAAAAAAAUAAAAAAAAAAAAAAAAAAAKF}}

@article{Wadler-2014,
	Author = {Philip Wadler},
	Date-Added = {2018-09-03 23:18:18 +0100},
	Date-Modified = {2018-09-03 23:18:18 +0100},
	Journal = {Journal of Functional Programming},
	Keywords = {session types, linear logic, pi-calculus},
	Number = {2-3},
	Pages = {384--418},
	Title = {Propositions as Sessions},
	Volume = {24},
	Year = {2014},
	Bdsk-File-1 = {YnBsaXN0MDDSAQIDBFxyZWxhdGl2ZVBhdGhZYWxpYXNEYXRhXxA7Li4vLi4vLi4vLi4vUGFwZXJzL1dhZGxlci9Qcm9wb3NpdGlvbnMgYXMgU2Vzc2lvbnMtMjAxNC5wZGZPEQHSAAAAAAHSAAIAAAxNYWNpbnRvc2ggSEQAAAAAAAAAAAAAAAAAAADTULemSCsAAAAMjjgfUHJvcG9zaXRpb25zIGFzIFNlcyMxMzQyNEJCLnBkZgAAAAAAAAAAAAAAAAAAAAAAAAAAAAAAAAAAAAAAAAAAATQku9eyoHcAAAAAAAAAAAAEAAMAAAkgAAAAAAAAAAAAAAAAAAAABldhZGxlcgAQAAgAANNQqZYAAAARAAgAANeykmcAAAABABAADI44AAyJjgAMdv8ABjC8AAIAS01hY2ludG9zaCBIRDpVc2VyczoAV2lsbGVtOgBQYXBlcnM6AFdhZGxlcjoAUHJvcG9zaXRpb25zIGFzIFNlcyMxMzQyNEJCLnBkZgAADgBEACEAUAByAG8AcABvAHMAaQB0AGkAbwBuAHMAIABhAHMAIABTAGUAcwBzAGkAbwBuAHMALQAyADAAMQA0AC4AcABkAGYADwAaAAwATQBhAGMAaQBuAHQAbwBzAGgAIABIAEQAEgA8VXNlcnMvV2lsbGVtL1BhcGVycy9XYWRsZXIvUHJvcG9zaXRpb25zIGFzIFNlc3Npb25zLTIwMTQucGRmABMAAS8AABUAAgAN//8AAAAIAA0AGgAkAGIAAAAAAAACAQAAAAAAAAAFAAAAAAAAAAAAAAAAAAACOA==}}

@inproceedings{Caires-Pfenning-2010,
	Author = {Lu{\'\i}s Caires and Frank Pfenning},
	Booktitle = {CONCUR},
	Date-Added = {2018-09-03 23:18:01 +0100},
	Date-Modified = {2018-09-03 23:18:01 +0100},
	Keywords = {session types, linear logic, pi-calculus},
	Pages = {222--236},
	Series = {LNCS},
	Title = {Session types as intuitionistic linear propositions},
	Volume = {6269},
	Year = {2010},
	Bdsk-File-1 = {YnBsaXN0MDDSAQIDBFxyZWxhdGl2ZVBhdGhZYWxpYXNEYXRhXxBWLi4vLi4vLi4vLi4vUGFwZXJzL0Nhcmllcy9TZXNzaW9uIHR5cGVzIGFzIGludHVpdGlvbmlzdGljIGxpbmVhciBwcm9wb3NpdGlvbnMtMjAxNi5wZGZPEQIkAAAAAAIkAAIAAAxNYWNpbnRvc2ggSEQAAAAAAAAAAAAAAAAAAADTULemSCsAAAE0RQgfU2Vzc2lvbiB0eXBlcyBhcyBpbiMxMzQzQzlBLnBkZgAAAAAAAAAAAAAAAAAAAAAAAAAAAAAAAAAAAAAAAAAAATQ8mtey1LUAAAAAAAAAAAAEAAMAAAkgAAAAAAAAAAAAAAAAAAAABkNhcmllcwAQAAgAANNQqZYAAAARAAgAANeyxqUAAAABABABNEUIAAyJjgAMdv8ABjC8AAIAS01hY2ludG9zaCBIRDpVc2VyczoAV2lsbGVtOgBQYXBlcnM6AENhcmllczoAU2Vzc2lvbiB0eXBlcyBhcyBpbiMxMzQzQzlBLnBkZgAADgB6ADwAUwBlAHMAcwBpAG8AbgAgAHQAeQBwAGUAcwAgAGEAcwAgAGkAbgB0AHUAaQB0AGkAbwBuAGkAcwB0AGkAYwAgAGwAaQBuAGUAYQByACAAcAByAG8AcABvAHMAaQB0AGkAbwBuAHMALQAyADAAMQA2AC4AcABkAGYADwAaAAwATQBhAGMAaQBuAHQAbwBzAGgAIABIAEQAEgBXVXNlcnMvV2lsbGVtL1BhcGVycy9DYXJpZXMvU2Vzc2lvbiB0eXBlcyBhcyBpbnR1aXRpb25pc3RpYyBsaW5lYXIgcHJvcG9zaXRpb25zLTIwMTYucGRmAAATAAEvAAAVAAIADf//AAAACAANABoAJAB9AAAAAAAAAgEAAAAAAAAABQAAAAAAAAAAAAAAAAAAAqU=}}

@article{Lambek-1968-1972,
	Author = {Joachim Lambek},
	Date-Added = {2018-08-03 08:58:36 +0000},
	Date-Modified = {2018-08-07 12:22:35 +0000},
	Journal = {Theory of Computing Systems (I), Lecture Notes in Mathematics (II, III)},
	Title = {Deductive Systems and Categories {I}, {II}, {III}},
	Year = {1968--1972}}

@article{Lambek-1968,
	Author = {Joachim Lambek},
	Date-Added = {2018-08-03 08:33:59 +0000},
	Date-Modified = {2018-08-03 08:33:59 +0000},
	Journal = {Theory of Computing Systems},
	Number = {4},
	Pages = {287--318},
	Title = {Deductive Systems and Categories {I}},
	Volume = {2},
	Year = {1968},
	Bdsk-File-1 = {YnBsaXN0MDDSAQIDBFxyZWxhdGl2ZVBhdGhZYWxpYXNEYXRhXxBFLi4vLi4vLi4vLi4vUGFwZXJzL0xhbWJlay8xOTY4LWRlZHVjdGl2ZSBzeXN0ZW1zIGFuZCBjYXRlZ29yaWVzIGkucGRmTxEB8AAAAAAB8AACAAAMTWFjaW50b3NoIEhEAAAAAAAAAAAAAAAAAAAA01C3pkgrAAAADIyJHzE5NjgtZGVkdWN0aXZlIHN5c3RlbSNDOEM4Qi5wZGYAAAAAAAAAAAAAAAAAAAAAAAAAAAAAAAAAAAAAAAAAAAAMjIvNR6ezUERGIENBUk8ABAADAAAJIAAAAAAAAAAAAAAAAAAAAAZMYW1iZWsAEAAIAADTUKmWAAAAEQAIAADNR6ezAAAAAQAQAAyMiQAMiY4ADHb/AAYwvAACAEtNYWNpbnRvc2ggSEQ6VXNlcnM6AFdpbGxlbToAUGFwZXJzOgBMYW1iZWs6ADE5NjgtZGVkdWN0aXZlIHN5c3RlbSNDOEM4Qi5wZGYAAA4AWAArADEAOQA2ADgALQBkAGUAZAB1AGMAdABpAHYAZQAgAHMAeQBzAHQAZQBtAHMAIABhAG4AZAAgAGMAYQB0AGUAZwBvAHIAaQBlAHMAIABpAC4AcABkAGYADwAaAAwATQBhAGMAaQBuAHQAbwBzAGgAIABIAEQAEgBGVXNlcnMvV2lsbGVtL1BhcGVycy9MYW1iZWsvMTk2OC1kZWR1Y3RpdmUgc3lzdGVtcyBhbmQgY2F0ZWdvcmllcyBpLnBkZgATAAEvAAAVAAIADf//AAAACAANABoAJABsAAAAAAAAAgEAAAAAAAAABQAAAAAAAAAAAAAAAAAAAmA=}}

@article{Lambek-1969,
	Author = {Joachim Lambek},
	Date-Added = {2018-08-03 08:33:59 +0000},
	Date-Modified = {2018-08-03 08:33:59 +0000},
	Journal = {Lecture Notes in Mathematics},
	Pages = {76--122},
	Title = {Deductive Systems and Categories {II}},
	Volume = {86},
	Year = {1969},
	Bdsk-File-1 = {YnBsaXN0MDDSAQIDBFxyZWxhdGl2ZVBhdGhZYWxpYXNEYXRhXxBGLi4vLi4vLi4vLi4vUGFwZXJzL0xhbWJlay8xOTY5LWRlZHVjdGl2ZSBzeXN0ZW1zIGFuZCBjYXRlZ29yaWVzIGlpLnBkZk8RAfQAAAAAAfQAAgAADE1hY2ludG9zaCBIRAAAAAAAAAAAAAAAAAAAANNQt6ZIKwAAAAyMiR8xOTY5LWRlZHVjdGl2ZSBzeXN0ZW0jQzhDOEMucGRmAAAAAAAAAAAAAAAAAAAAAAAAAAAAAAAAAAAAAAAAAAAADIyMyZ1GzgAAAAAAAAAAAAQAAwAACSAAAAAAAAAAAAAAAAAAAAAGTGFtYmVrABAACAAA01CplgAAABEACAAAyZ1GzgAAAAEAEAAMjIkADImOAAx2/wAGMLwAAgBLTWFjaW50b3NoIEhEOlVzZXJzOgBXaWxsZW06AFBhcGVyczoATGFtYmVrOgAxOTY5LWRlZHVjdGl2ZSBzeXN0ZW0jQzhDOEMucGRmAAAOAFoALAAxADkANgA5AC0AZABlAGQAdQBjAHQAaQB2AGUAIABzAHkAcwB0AGUAbQBzACAAYQBuAGQAIABjAGEAdABlAGcAbwByAGkAZQBzACAAaQBpAC4AcABkAGYADwAaAAwATQBhAGMAaQBuAHQAbwBzAGgAIABIAEQAEgBHVXNlcnMvV2lsbGVtL1BhcGVycy9MYW1iZWsvMTk2OS1kZWR1Y3RpdmUgc3lzdGVtcyBhbmQgY2F0ZWdvcmllcyBpaS5wZGYAABMAAS8AABUAAgAN//8AAAAIAA0AGgAkAG0AAAAAAAACAQAAAAAAAAAFAAAAAAAAAAAAAAAAAAACZQ==}}

@article{Lambek-1972,
	Author = {Joachim Lambek},
	Date-Added = {2018-08-03 08:33:59 +0000},
	Date-Modified = {2018-08-03 08:33:59 +0000},
	Journal = {Lecture Notes in Mathematics},
	Pages = {57--82},
	Title = {Deductive Systems and Categories {III}},
	Volume = {274},
	Year = {1972},
	Bdsk-File-1 = {YnBsaXN0MDDSAQIDBFxyZWxhdGl2ZVBhdGhZYWxpYXNEYXRhXxBHLi4vLi4vLi4vLi4vUGFwZXJzL0xhbWJlay8xOTcyLWRlZHVjdGl2ZSBzeXN0ZW1zIGFuZCBjYXRlZ29yaWVzIGlpaS5wZGZPEQH2AAAAAAH2AAIAAAxNYWNpbnRvc2ggSEQAAAAAAAAAAAAAAAAAAADTULemSCsAAAAMjIkfMTk3Mi1kZWR1Y3RpdmUgc3lzdGVtI0M4QzhELnBkZgAAAAAAAAAAAAAAAAAAAAAAAAAAAAAAAAAAAAAAAAAAAAyMjcmdR9wAAAAAAAAAAAAEAAMAAAkgAAAAAAAAAAAAAAAAAAAABkxhbWJlawAQAAgAANNQqZYAAAARAAgAAMmdR9wAAAABABAADIyJAAyJjgAMdv8ABjC8AAIAS01hY2ludG9zaCBIRDpVc2VyczoAV2lsbGVtOgBQYXBlcnM6AExhbWJlazoAMTk3Mi1kZWR1Y3RpdmUgc3lzdGVtI0M4QzhELnBkZgAADgBcAC0AMQA5ADcAMgAtAGQAZQBkAHUAYwB0AGkAdgBlACAAcwB5AHMAdABlAG0AcwAgAGEAbgBkACAAYwBhAHQAZQBnAG8AcgBpAGUAcwAgAGkAaQBpAC4AcABkAGYADwAaAAwATQBhAGMAaQBuAHQAbwBzAGgAIABIAEQAEgBIVXNlcnMvV2lsbGVtL1BhcGVycy9MYW1iZWsvMTk3Mi1kZWR1Y3RpdmUgc3lzdGVtcyBhbmQgY2F0ZWdvcmllcyBpaWkucGRmABMAAS8AABUAAgAN//8AAAAIAA0AGgAkAG4AAAAAAAACAQAAAAAAAAAFAAAAAAAAAAAAAAAAAAACaA==}}

@inproceedings{Maieli-2007,
	Author = {Roberto Maieli},
	Booktitle = {14th Int. Conf. Logic for Programming Artificial Intelligence and Reasoning (LPAR)},
	Date-Added = {2018-04-21 08:47:55 +0000},
	Date-Modified = {2019-02-10 22:51:22 +0000},
	Keywords = {proof nets, linear logic, MALL},
	Pages = {363--377},
	Title = {Retractile Proof Nets of the Purely Multiplicative and Additive Fragment of Linear Logic},
	Year = {2007},
	Bdsk-File-1 = {YnBsaXN0MDDSAQIDBFxyZWxhdGl2ZVBhdGhZYWxpYXNEYXRhXxBiLi4vLi4vLi4vLi4vUGFwZXJzL01haWVsaS9SZXRyYWN0aWxlIFByb29mIE5ldHMgb2YgdGhlIFB1cmVseSBNdWx0aXBsaWNhdGl2ZSBhbmQgQWRkaXRpdmUtMjAwNy5wZGZPEQJIAAAAAAJIAAIAAAxNYWNpbnRvc2ggSEQAAAAAAAAAAAAAAAAAAADTULemSCsAAAAMjOQfUmV0cmFjdGlsZSBQcm9vZiBOZXRzI0M4Q0U1LnBkZgAAAAAAAAAAAAAAAAAAAAAAAAAAAAAAAAAAAAAAAAAAAAyM5dCcwTAAAAAAAAAAAAAEAAMAAAkgAAAAAAAAAAAAAAAAAAAABk1haWVsaQAQAAgAANNQqZYAAAARAAgAANCcwTAAAAABABAADIzkAAyJjgAMdv8ABjC8AAIAS01hY2ludG9zaCBIRDpVc2VyczoAV2lsbGVtOgBQYXBlcnM6AE1haWVsaToAUmV0cmFjdGlsZSBQcm9vZiBOZXRzI0M4Q0U1LnBkZgAADgCSAEgAUgBlAHQAcgBhAGMAdABpAGwAZQAgAFAAcgBvAG8AZgAgAE4AZQB0AHMAIABvAGYAIAB0AGgAZQAgAFAAdQByAGUAbAB5ACAATQB1AGwAdABpAHAAbABpAGMAYQB0AGkAdgBlACAAYQBuAGQAIABBAGQAZABpAHQAaQB2AGUALQAyADAAMAA3AC4AcABkAGYADwAaAAwATQBhAGMAaQBuAHQAbwBzAGgAIABIAEQAEgBjVXNlcnMvV2lsbGVtL1BhcGVycy9NYWllbGkvUmV0cmFjdGlsZSBQcm9vZiBOZXRzIG9mIHRoZSBQdXJlbHkgTXVsdGlwbGljYXRpdmUgYW5kIEFkZGl0aXZlLTIwMDcucGRmAAATAAEvAAAVAAIADf//AAAACAANABoAJACJAAAAAAAAAgEAAAAAAAAABQAAAAAAAAAAAAAAAAAAAtU=}}

@inproceedings{Hughes-2018,
	Author = {Hughes, Dominic J.D.},
	Booktitle = {33rd Annual {ACM/IEEE} Symposium on Logic in Computer Science (LICS)},
	Date-Added = {2018-01-21 07:26:34 +0000},
	Date-Modified = {2018-08-07 10:52:05 +0000},
	Title = {Unification nets: canonical proof net quantifiers},
	Year = {2018}}

@article{Hughes-vanGlabbeek-2005,
	Author = {Dominic Hughes and Rob {van Glabbeek}},
	Date-Added = {2018-01-21 05:35:59 +0000},
	Date-Modified = {2018-01-21 05:35:59 +0000},
	Journal = {Transactions on Computational Logic},
	Keywords = {linear logic, proof nets, MALL},
	Number = {4},
	Pages = {784--842},
	Read = {Yes},
	Title = {Proof nets for unit-free multiplicative-additive linear logic},
	Volume = {6},
	Year = {2005},
	Bdsk-File-1 = {YnBsaXN0MDDSAQIDBFxyZWxhdGl2ZVBhdGhZYWxpYXNEYXRhXxBhLi4vLi4vLi4vLi4vUGFwZXJzL0h1Z2hlcy9Qcm9vZiBuZXRzIGZvciB1bml0LWZyZWUgbXVsdGlwbGljYXRpdmUtYWRkaXRpdmUgbGluZWFyIGxvZ2ljLTIwMDUwLnBkZk8RAkQAAAAAAkQAAgAADE1hY2ludG9zaCBIRAAAAAAAAAAAAAAAAAAAANNQt6ZIKwAAAAyMCB9Qcm9vZiBuZXRzIGZvciB1bml0LWYjQzhDMTIucGRmAAAAAAAAAAAAAAAAAAAAAAAAAAAAAAAAAAAAAAAAAAAADIwS0pJOrgAAAAAAAAAAAAQAAwAACSAAAAAAAAAAAAAAAAAAAAAGSHVnaGVzABAACAAA01CplgAAABEACAAA0pJOrgAAAAEAEAAMjAgADImOAAx2/wAGMLwAAgBLTWFjaW50b3NoIEhEOlVzZXJzOgBXaWxsZW06AFBhcGVyczoASHVnaGVzOgBQcm9vZiBuZXRzIGZvciB1bml0LWYjQzhDMTIucGRmAAAOAJAARwBQAHIAbwBvAGYAIABuAGUAdABzACAAZgBvAHIAIAB1AG4AaQB0AC0AZgByAGUAZQAgAG0AdQBsAHQAaQBwAGwAaQBjAGEAdABpAHYAZQAtAGEAZABkAGkAdABpAHYAZQAgAGwAaQBuAGUAYQByACAAbABvAGcAaQBjAC0AMgAwADAANQAwAC4AcABkAGYADwAaAAwATQBhAGMAaQBuAHQAbwBzAGgAIABIAEQAEgBiVXNlcnMvV2lsbGVtL1BhcGVycy9IdWdoZXMvUHJvb2YgbmV0cyBmb3IgdW5pdC1mcmVlIG11bHRpcGxpY2F0aXZlLWFkZGl0aXZlIGxpbmVhciBsb2dpYy0yMDA1MC5wZGYAEwABLwAAFQACAA3//wAAAAgADQAaACQAiAAAAAAAAAIBAAAAAAAAAAUAAAAAAAAAAAAAAAAAAALQ}}

@article{Guerrini-Masini-2001,
	Author = {Stefano Guerrini and Andrea Masini},
	Date-Added = {2018-01-21 05:33:53 +0000},
	Date-Modified = {2018-01-21 05:33:53 +0000},
	Journal = {Theoretical Computer Science},
	Keywords = {linear logic, proof nets, MELL},
	Number = {1-2},
	Pages = {317--335},
	Title = {Parsing {MELL} proof nets},
	Volume = {254},
	Year = {2001},
	Bdsk-File-1 = {YnBsaXN0MDDSAQIDBFxyZWxhdGl2ZVBhdGhZYWxpYXNEYXRhXxA8Li4vLi4vLi4vLi4vUGFwZXJzL0d1ZXJyaW5pL1BhcnNpbmcgTUVMTCBwcm9vZiBuZXRzLTIwMDEucGRmTxEB1gAAAAAB1gACAAAMTWFjaW50b3NoIEhEAAAAAAAAAAAAAAAAAAAA01C3pkgrAAAADIu0H1BhcnNpbmcgTUVMTCBwcm9vZiBuZSNDOEJCRC5wZGYAAAAAAAAAAAAAAAAAAAAAAAAAAAAAAAAAAAAAAAAAAAAMi73OyklgAAAAAAAAAAAABAADAAAJIAAAAAAAAAAAAAAAAAAAAAhHdWVycmluaQAQAAgAANNQqZYAAAARAAgAAM7KSWAAAAABABAADIu0AAyJjgAMdv8ABjC8AAIATU1hY2ludG9zaCBIRDpVc2VyczoAV2lsbGVtOgBQYXBlcnM6AEd1ZXJyaW5pOgBQYXJzaW5nIE1FTEwgcHJvb2YgbmUjQzhCQkQucGRmAAAOAEIAIABQAGEAcgBzAGkAbgBnACAATQBFAEwATAAgAHAAcgBvAG8AZgAgAG4AZQB0AHMALQAyADAAMAAxAC4AcABkAGYADwAaAAwATQBhAGMAaQBuAHQAbwBzAGgAIABIAEQAEgA9VXNlcnMvV2lsbGVtL1BhcGVycy9HdWVycmluaS9QYXJzaW5nIE1FTEwgcHJvb2YgbmV0cy0yMDAxLnBkZgAAEwABLwAAFQACAA3//wAAAAgADQAaACQAYwAAAAAAAAIBAAAAAAAAAAUAAAAAAAAAAAAAAAAAAAI9}}

@article{Miller-1987,
	Author = {Dale Miller},
	Date-Added = {2018-01-20 12:38:21 +0000},
	Date-Modified = {2019-02-10 22:50:48 +0000},
	Journal = {Studia Logica},
	Number = {4},
	Pages = {347--370},
	Title = {A Compact Representation of Proofs},
	Uri = {papers://2E7C2F90-9218-4419-932D-61016E675A07/Paper/p15},
	Volume = {46},
	Year = {1987},
	Bdsk-File-1 = {YnBsaXN0MDDSAQIDBFxyZWxhdGl2ZVBhdGhZYWxpYXNEYXRhXxBFLi4vLi4vLi4vLi4vUGFwZXJzL01pbGxlci9BIENvbXBhY3QgUmVwcmVzZW50YXRpb24gb2YgUHJvb2ZzLTE5ODcucGRmTxEB8AAAAAAB8AACAAAMTWFjaW50b3NoIEhEAAAAAAAAAAAAAAAAAAAA01C3pkgrAAAADI0sH0EgQ29tcGFjdCBSZXByZXNlbnRhdCNDOEQzMC5wZGYAAAAAAAAAAAAAAAAAAAAAAAAAAAAAAAAAAAAAAAAAAAAMjTDEJnB2UERGIHBydncABAADAAAJIAAAAAAAAAAAAAAAAAAAAAZNaWxsZXIAEAAIAADTUKmWAAAAEQAIAADEJmJmAAAAAQAQAAyNLAAMiY4ADHb/AAYwvAACAEtNYWNpbnRvc2ggSEQ6VXNlcnM6AFdpbGxlbToAUGFwZXJzOgBNaWxsZXI6AEEgQ29tcGFjdCBSZXByZXNlbnRhdCNDOEQzMC5wZGYAAA4AWAArAEEAIABDAG8AbQBwAGEAYwB0ACAAUgBlAHAAcgBlAHMAZQBuAHQAYQB0AGkAbwBuACAAbwBmACAAUAByAG8AbwBmAHMALQAxADkAOAA3AC4AcABkAGYADwAaAAwATQBhAGMAaQBuAHQAbwBzAGgAIABIAEQAEgBGVXNlcnMvV2lsbGVtL1BhcGVycy9NaWxsZXIvQSBDb21wYWN0IFJlcHJlc2VudGF0aW9uIG9mIFByb29mcy0xOTg3LnBkZgATAAEvAAAVAAIADf//AAAACAANABoAJABsAAAAAAAAAgEAAAAAAAAABQAAAAAAAAAAAAAAAAAAAmA=}}

@inproceedings{Honda-1993,
	Author = {Kohei Honda},
	Booktitle = {International Conference on Concurrency Theory (CONCUR)},
	Date-Added = {2018-01-19 16:37:34 +0000},
	Date-Modified = {2018-01-19 16:37:34 +0000},
	Pages = {509--523},
	Title = {Types for dyadic interaction},
	Year = {1993},
	Bdsk-File-1 = {YnBsaXN0MDDSAQIDBFxyZWxhdGl2ZVBhdGhZYWxpYXNEYXRhXxA+Li4vLi4vLi4vLi4vUGFwZXJzL0hvbmRhL1R5cGVzIGZvciBkeWFkaWMgaW50ZXJhY3Rpb24tMTk5My5wZGZPEQHcAAAAAAHcAAIAAAxNYWNpbnRvc2ggSEQAAAAAAAAAAAAAAAAAAADTULemSCsAAAAMi/UfVHlwZXMgZm9yIGR5YWRpYyBpbnQjRUQ1RDYyLnBkZgAAAAAAAAAAAAAAAAAAAAAAAAAAAAAAAAAAAAAAAAAAAO1dYtaHzm4AAAAAAAAAAAAEAAMAAAkgAAAAAAAAAAAAAAAAAAAABUhvbmRhAAAQAAgAANNQqZYAAAARAAgAANaHzm4AAAABABAADIv1AAyJjgAMdv8ABjC8AAIASk1hY2ludG9zaCBIRDpVc2VyczoAV2lsbGVtOgBQYXBlcnM6AEhvbmRhOgBUeXBlcyBmb3IgZHlhZGljIGludCNFRDVENjIucGRmAA4ATAAlAFQAeQBwAGUAcwAgAGYAbwByACAAZAB5AGEAZABpAGMAIABpAG4AdABlAHIAYQBjAHQAaQBvAG4ALQAxADkAOQAzAC4AcABkAGYADwAaAAwATQBhAGMAaQBuAHQAbwBzAGgAIABIAEQAEgA/VXNlcnMvV2lsbGVtL1BhcGVycy9Ib25kYS9UeXBlcyBmb3IgZHlhZGljIGludGVyYWN0aW9uLTE5OTMucGRmAAATAAEvAAAVAAIADf//AAAACAANABoAJABlAAAAAAAAAgEAAAAAAAAABQAAAAAAAAAAAAAAAAAAAkU=}}

@article{Hughes-2006-proofs,
	Author = {Dominic Hughes},
	Date-Added = {2018-01-19 16:28:12 +0000},
	Date-Modified = {2018-01-19 16:28:12 +0000},
	Journal = {Annals of Mathematics},
	Number = {3},
	Pages = {1065--1076},
	Title = {Proofs Without Syntax},
	Uri = {papers://2E7C2F90-9218-4419-932D-61016E675A07/Paper/p11},
	Volume = {164},
	Year = {2006},
	Bdsk-File-1 = {YnBsaXN0MDDSAQIDBFxyZWxhdGl2ZVBhdGhZYWxpYXNEYXRhXxA0Li4vLi4vLi4vLi4vUGFwZXJzL0h1Z2hlcy9Qcm9vZnMgV2l0aG91dCBTeW50YXgtMjAwNk8RAbgAAAAAAbgAAgAADE1hY2ludG9zaCBIRAAAAAAAAAAAAAAAAAAAANNQt6ZIKwAAAAyMCBpQcm9vZnMgV2l0aG91dCBTeW50YXgtMjAwNgAAAAAAAAAAAAAAAAAAAAAAAAAAAAAAAAAAAAAAAAAAAAAAAAAADIwUxCt8VlBERiBwcnZ3AAQAAwAACSAAAAAAAAAAAAAAAAAAAAAGSHVnaGVzABAACAAA01CplgAAABEACAAAxCtuRgAAAAEAEAAMjAgADImOAAx2/wAGMLwAAgBGTWFjaW50b3NoIEhEOlVzZXJzOgBXaWxsZW06AFBhcGVyczoASHVnaGVzOgBQcm9vZnMgV2l0aG91dCBTeW50YXgtMjAwNgAOADYAGgBQAHIAbwBvAGYAcwAgAFcAaQB0AGgAbwB1AHQAIABTAHkAbgB0AGEAeAAtADIAMAAwADYADwAaAAwATQBhAGMAaQBuAHQAbwBzAGgAIABIAEQAEgA1VXNlcnMvV2lsbGVtL1BhcGVycy9IdWdoZXMvUHJvb2ZzIFdpdGhvdXQgU3ludGF4LTIwMDYAABMAAS8AABUAAgAN//8AAAAIAA0AGgAkAFsAAAAAAAACAQAAAAAAAAAFAAAAAAAAAAAAAAAAAAACFw==}}

@inproceedings{Hughes-Heijltjes-2016,
	Author = {Dominic Hughes and Willem Heijltjes},
	Booktitle = {31st Annual {ACM/IEEE} Symposium on Logic in Computer Science (LICS)},
	Date-Added = {2018-01-19 16:27:02 +0000},
	Date-Modified = {2018-01-21 05:34:28 +0000},
	Keywords = {linear logic, MALL, proof nets, proof complexity, me},
	Title = {Conflict nets: efficient locally canonical MALL proof nets},
	Year = {2016},
	Bdsk-Url-1 = {http://dx.doi.org/10.1145/2933575.2934559}}

@article{Santocanale-2002a,
	Author = {Luigi Santocanale},
	Date-Added = {2018-01-19 16:26:25 +0000},
	Date-Modified = {2018-01-19 16:26:25 +0000},
	Journal = {Journal of Pure and Applied Algebra},
	Keywords = {fixed points, mu-calculus, linear logic, ALL},
	Number = {2},
	Pages = {227--264},
	Title = {Free $\mu$-lattices},
	Volume = {168},
	Year = {2002},
	Bdsk-File-1 = {YnBsaXN0MDDSAQIDBFxyZWxhdGl2ZVBhdGhZYWxpYXNEYXRhXxA7Li4vLi4vLi4vLi4vUGFwZXJzL3NhbnRvY2FuYWxlL0ZyZWUgJFxtdSQtbGF0dGljZXMtMjAwMi5wZGZPEQHQAAAAAAHQAAIAAAxNYWNpbnRvc2ggSEQAAAAAAAAAAAAAAAAAAADTULemSCsAAAAMja4cRnJlZSAkXG11JC1sYXR0aWNlcy0yMDAyLnBkZgAAAAAAAAAAAAAAAAAAAAAAAAAAAAAAAAAAAAAAAAAAAAAAAAyNsdBAz+kAAAAAAAAAAAAEAAMAAAkgAAAAAAAAAAAAAAAAAAAAC3NhbnRvY2FuYWxlAAAQAAgAANNQqZYAAAARAAgAANBAwdkAAAABABAADI2uAAyJjgAMdv8ABjC8AAIATU1hY2ludG9zaCBIRDpVc2VyczoAV2lsbGVtOgBQYXBlcnM6AHNhbnRvY2FuYWxlOgBGcmVlICRcbXUkLWxhdHRpY2VzLTIwMDIucGRmAAAOADoAHABGAHIAZQBlACAAJABcAG0AdQAkAC0AbABhAHQAdABpAGMAZQBzAC0AMgAwADAAMgAuAHAAZABmAA8AGgAMAE0AYQBjAGkAbgB0AG8AcwBoACAASABEABIAPFVzZXJzL1dpbGxlbS9QYXBlcnMvc2FudG9jYW5hbGUvRnJlZSAkXG11JC1sYXR0aWNlcy0yMDAyLnBkZgATAAEvAAAVAAIADf//AAAACAANABoAJABiAAAAAAAAAgEAAAAAAAAABQAAAAAAAAAAAAAAAAAAAjY=}}

@article{Abramsky-2003,
	Author = {Samson Abramsky},
	Date-Added = {2018-01-19 16:23:13 +0000},
	Date-Modified = {2018-01-19 16:23:40 +0000},
	Journal = {Mathematical Structures in Computer Science},
	Keywords = {game semantics, linear logic},
	Number = {4},
	Pages = {531--565},
	Read = {Yes},
	Title = {Sequentiality vs.\ Concurrency in Games and Logic},
	Volume = {13},
	Year = {2003},
	Bdsk-File-1 = {YnBsaXN0MDDSAQIDBFxyZWxhdGl2ZVBhdGhZYWxpYXNEYXRhXxBVLi4vLi4vLi4vLi4vUGFwZXJzL0FicmFtc2t5LzIwMDMtc2VxdWVudGlhbGl0eSB2cy4gY29uY3VycmVuY3kgaW4gZ2FtZXMgYW5kIGxvZ2ljLnBkZk8RAiAAAAAAAiAAAgAADE1hY2ludG9zaCBIRAAAAAAAAAAAAAAAAAAAANNQt6ZIKwAAAAyJmB8yMDAzLXNlcXVlbnRpYWxpdHkgdnMjQzg5QTAucGRmAAAAAAAAAAAAAAAAAAAAAAAAAAAAAAAAAAAAAAAAAAAADImgzUfyH1BERiBDQVJPAAQAAwAACSAAAAAAAAAAAAAAAAAAAAAIQWJyYW1za3kAEAAIAADTUKmWAAAAEQAIAADNR/IfAAAAAQAQAAyJmAAMiY4ADHb/AAYwvAACAE1NYWNpbnRvc2ggSEQ6VXNlcnM6AFdpbGxlbToAUGFwZXJzOgBBYnJhbXNreToAMjAwMy1zZXF1ZW50aWFsaXR5IHZzI0M4OUEwLnBkZgAADgB0ADkAMgAwADAAMwAtAHMAZQBxAHUAZQBuAHQAaQBhAGwAaQB0AHkAIAB2AHMALgAgAGMAbwBuAGMAdQByAHIAZQBuAGMAeQAgAGkAbgAgAGcAYQBtAGUAcwAgAGEAbgBkACAAbABvAGcAaQBjAC4AcABkAGYADwAaAAwATQBhAGMAaQBuAHQAbwBzAGgAIABIAEQAEgBWVXNlcnMvV2lsbGVtL1BhcGVycy9BYnJhbXNreS8yMDAzLXNlcXVlbnRpYWxpdHkgdnMuIGNvbmN1cnJlbmN5IGluIGdhbWVzIGFuZCBsb2dpYy5wZGYAEwABLwAAFQACAA3//wAAAAgADQAaACQAfAAAAAAAAAIBAAAAAAAAAAUAAAAAAAAAAAAAAAAAAAKg}}

@article{Mimram-2011,
	Author = {Samuel Mimram},
	Date-Added = {2018-01-10 22:35:56 +0000},
	Date-Modified = {2018-01-11 10:13:24 +0000},
	Journal = {Mathematical Structures in Computer Science},
	Number = {1},
	Pages = {65--110},
	Read = {Yes},
	Title = {The Structure of First-Order Causality},
	Volume = {21},
	Year = {2011},
	Bdsk-File-1 = {YnBsaXN0MDDSAQIDBFxyZWxhdGl2ZVBhdGhZYWxpYXNEYXRhXxBJLi4vLi4vLi4vLi4vUGFwZXJzL01pbXJhbS9UaGUgU3RydWN0dXJlIG9mIEZpcnN0LU9yZGVyIENhdXNhbGl0eS0yMDExLnBkZk8RAfwAAAAAAfwAAgAADE1hY2ludG9zaCBIRAAAAAAAAAAAAAAAAAAAANNQt6ZIKwAAAAyNNB9UaGUgU3RydWN0dXJlIG9mIEZpcnMjQzhEMzYucGRmAAAAAAAAAAAAAAAAAAAAAAAAAAAAAAAAAAAAAAAAAAAADI02yb9hugAAAAAAAAAAAAQAAwAACSAAAAAAAAAAAAAAAAAAAAAGTWltcmFtABAACAAA01CplgAAABEACAAAyb9TqgAAAAEAEAAMjTQADImOAAx2/wAGMLwAAgBLTWFjaW50b3NoIEhEOlVzZXJzOgBXaWxsZW06AFBhcGVyczoATWltcmFtOgBUaGUgU3RydWN0dXJlIG9mIEZpcnMjQzhEMzYucGRmAAAOAGAALwBUAGgAZQAgAFMAdAByAHUAYwB0AHUAcgBlACAAbwBmACAARgBpAHIAcwB0AC0ATwByAGQAZQByACAAQwBhAHUAcwBhAGwAaQB0AHkALQAyADAAMQAxAC4AcABkAGYADwAaAAwATQBhAGMAaQBuAHQAbwBzAGgAIABIAEQAEgBKVXNlcnMvV2lsbGVtL1BhcGVycy9NaW1yYW0vVGhlIFN0cnVjdHVyZSBvZiBGaXJzdC1PcmRlciBDYXVzYWxpdHktMjAxMS5wZGYAEwABLwAAFQACAA3//wAAAAgADQAaACQAcAAAAAAAAAIBAAAAAAAAAAUAAAAAAAAAAAAAAAAAAAJw}}

@article{Guerrini-2011,
	Author = {Stefano Guerrini},
	Date-Added = {2018-01-05 16:28:49 +0000},
	Date-Modified = {2018-01-05 16:40:18 +0000},
	Journal = {Theoretical Computer Science},
	Keywords = {proof nets, computational complexity},
	Number = {20},
	Pages = {1958--1978},
	Title = {A Linear Algorithm for {MLL} Proof Net Correctness and Sequentialization},
	Volume = {412},
	Year = {2011},
	Bdsk-File-1 = {YnBsaXN0MDDSAQIDBFxyZWxhdGl2ZVBhdGhZYWxpYXNEYXRhXxBrLi4vLi4vLi4vLi4vUGFwZXJzL0d1ZXJyaW5pLzIwMTEtYSBsaW5lYXIgYWxnb3JpdGhtIGZvciBtbGwgcHJvb2YgbmV0IGNvcnJlY3RuZXNzIGFuZCBzZXF1ZW50aWFsaXphdGlvbi5wZGZPEQJiAAAAAAJiAAIAAAxNYWNpbnRvc2ggSEQAAAAAAAAAAAAAAAAAAADTULemSCsAAAAMi7QfMjAxMS1hIGxpbmVhciBhbGdvcml0I0M4QkJBLnBkZgAAAAAAAAAAAAAAAAAAAAAAAAAAAAAAAAAAAAAAAAAAAAyLus1spMJQREYgQ0FSTwAEAAMAAAkgAAAAAAAAAAAAAAAAAAAACEd1ZXJyaW5pABAACAAA01CplgAAABEACAAAzWykwgAAAAEAEAAMi7QADImOAAx2/wAGMLwAAgBNTWFjaW50b3NoIEhEOlVzZXJzOgBXaWxsZW06AFBhcGVyczoAR3VlcnJpbmk6ADIwMTEtYSBsaW5lYXIgYWxnb3JpdCNDOEJCQS5wZGYAAA4AoABPADIAMAAxADEALQBhACAAbABpAG4AZQBhAHIAIABhAGwAZwBvAHIAaQB0AGgAbQAgAGYAbwByACAAbQBsAGwAIABwAHIAbwBvAGYAIABuAGUAdAAgAGMAbwByAHIAZQBjAHQAbgBlAHMAcwAgAGEAbgBkACAAcwBlAHEAdQBlAG4AdABpAGEAbABpAHoAYQB0AGkAbwBuAC4AcABkAGYADwAaAAwATQBhAGMAaQBuAHQAbwBzAGgAIABIAEQAEgBsVXNlcnMvV2lsbGVtL1BhcGVycy9HdWVycmluaS8yMDExLWEgbGluZWFyIGFsZ29yaXRobSBmb3IgbWxsIHByb29mIG5ldCBjb3JyZWN0bmVzcyBhbmQgc2VxdWVudGlhbGl6YXRpb24ucGRmABMAAS8AABUAAgAN//8AAAAIAA0AGgAkAJIAAAAAAAACAQAAAAAAAAAFAAAAAAAAAAAAAAAAAAAC+A==}}

@article{Heijltjes-2010,
	Author = {Willem Heijltjes},
	Date-Added = {2018-01-05 16:23:23 +0000},
	Date-Modified = {2019-02-10 23:39:24 +0000},
	Journal = {Ann. Pure Appl. Logic},
	Keywords = {cut elimination, classical logic, game semantics, me},
	Number = {11},
	Pages = {1346--1366},
	Title = {Classical proof forestry},
	Volume = {161},
	Year = {2010},
	Bdsk-Url-1 = {http://dx.doi.org/10.1016/j.apal.2010.04.006}}

@incollection{Herbrand-1930,
	Author = {Jacques Herbrand},
	Booktitle = {From {F}rege to {G\"o}del: A source book in mathematical logic, 1879--1931},
	Date-Added = {2018-01-05 16:22:45 +0000},
	Date-Modified = {2018-01-05 16:22:45 +0000},
	Editor = {Jean {van Heijenoort}},
	Pages = {525--581},
	Publisher = {Harvard University Press},
	Title = {Investigations in proof theory: The properties of true propositions},
	Year = {1967}}

@phdthesis{Danos-1990,
	Author = {Vincent Danos},
	Date-Added = {2018-01-05 16:19:39 +0000},
	Date-Modified = {2018-01-05 16:19:39 +0000},
	Keywords = {linear logic, lambda-calculus},
	School = {Universit{\'e} Paris 7},
	Title = {La Logique Lin{\'e}aire appliqu{\'e}e {\`a} l'{\'e}tude de divers processus de normalisation (principalement du {L}ambda-calcul)},
	Year = {1990}}

@inproceedings{Heijltjes-2011,
	Author = {Willem Heijltjes},
	Booktitle = {26th Annual IEEE Symposium on Logic in Computer Science (LICS)},
	Date-Added = {2018-01-05 16:19:10 +0000},
	Date-Modified = {2018-01-05 16:30:01 +0000},
	Keywords = {proof nets, linear logic, ALL, me},
	Pages = {207--216},
	Title = {Proof nets for additive linear logic with units},
	Year = {2011}}

@phdthesis{Heijltjes-2012,
	Author = {Willem Heijltjes},
	Date-Added = {2018-01-05 16:19:10 +0000},
	Date-Modified = {2018-01-05 16:19:10 +0000},
	Keywords = {proof nets, me},
	School = {School of Informatics, University of Edinburgh},
	Title = {Graphical representation of canonical proof: {T}wo case studies},
	Year = {2012}}

@inproceedings{Cockett-Santocanale-2009,
	Author = {Robin Cockett and Luigi Santocanale},
	Booktitle = {Computer Science Logic (CSL), 18th Annual Conference of the EACSL},
	Date-Added = {2018-01-05 16:18:26 +0000},
	Date-Modified = {2019-02-10 23:41:57 +0000},
	Keywords = {linear logic, ALL, categorical semantics},
	Pages = {194--208},
	Read = {Yes},
	Title = {On the Word Problem for {$\Sigma\Pi$}-Categories, and the Properties of Two-Way Communication},
	Year = {2009},
	Bdsk-File-1 = {YnBsaXN0MDDSAQIDBFxyZWxhdGl2ZVBhdGhZYWxpYXNEYXRhXxB/Li4vLi4vLi4vLi4vUGFwZXJzL0NvY2tldHQvMjAwOS1vbiB0aGUgd29yZCBwcm9ibGVtIGZvciAkXHNpZ21hXHBpJC1jYXRlZ29yaWVzLCBhbmQgdGhlIHByb3BlcnRpZXMgb2YgdHdvLXdheSBjb21tdW5pY2F0aW9uLnBkZk8RAp4AAAAAAp4AAgAADE1hY2ludG9zaCBIRAAAAAAAAAAAAAAAAAAAANNQt6ZIKwAAAAyKrh8yMDA5LW9uIHRoZSB3b3JkIHByb2IjQzhBQjYucGRmAAAAAAAAAAAAAAAAAAAAAAAAAAAAAAAAAAAAAAAAAAAADIq2x0gkTAAAAAAAAAAAAAQAAwAACSAAAAAAAAAAAAAAAAAAAAAHQ29ja2V0dAAAEAAIAADTUKmWAAAAEQAIAADHSCRMAAAAAQAQAAyKrgAMiY4ADHb/AAYwvAACAExNYWNpbnRvc2ggSEQ6VXNlcnM6AFdpbGxlbToAUGFwZXJzOgBDb2NrZXR0OgAyMDA5LW9uIHRoZSB3b3JkIHByb2IjQzhBQjYucGRmAA4AygBkADIAMAAwADkALQBvAG4AIAB0AGgAZQAgAHcAbwByAGQAIABwAHIAbwBiAGwAZQBtACAAZgBvAHIAIAAkAFwAcwBpAGcAbQBhAFwAcABpACQALQBjAGEAdABlAGcAbwByAGkAZQBzACwAIABhAG4AZAAgAHQAaABlACAAcAByAG8AcABlAHIAdABpAGUAcwAgAG8AZgAgAHQAdwBvAC0AdwBhAHkAIABjAG8AbQBtAHUAbgBpAGMAYQB0AGkAbwBuAC4AcABkAGYADwAaAAwATQBhAGMAaQBuAHQAbwBzAGgAIABIAEQAEgCAVXNlcnMvV2lsbGVtL1BhcGVycy9Db2NrZXR0LzIwMDktb24gdGhlIHdvcmQgcHJvYmxlbSBmb3IgJFxzaWdtYVxwaSQtY2F0ZWdvcmllcywgYW5kIHRoZSBwcm9wZXJ0aWVzIG9mIHR3by13YXkgY29tbXVuaWNhdGlvbi5wZGYAEwABLwAAFQACAA3//wAAAAgADQAaACQApgAAAAAAAAIBAAAAAAAAAAUAAAAAAAAAAAAAAAAAAANI},
	Bdsk-File-2 = {YnBsaXN0MDDSAQIDBFxyZWxhdGl2ZVBhdGhZYWxpYXNEYXRhXxCALi4vLi4vLi4vLi4vUGFwZXJzL0NvY2tldHQvMjAwOWEtb24gdGhlIHdvcmQgcHJvYmxlbSBmb3IgJFxzaWdtYVxwaSQtY2F0ZWdvcmllcywgYW5kIHRoZSBwcm9wZXJ0aWVzIG9mIHR3by13YXkgY29tbXVuaWNhdGlvbi5wZGZPEQKiAAAAAAKiAAIAAAxNYWNpbnRvc2ggSEQAAAAAAAAAAAAAAAAAAADTULemSCsAAAAMiq4fMjAwOWEtb24gdGhlIHdvcmQgcHJvI0M4QUI3LnBkZgAAAAAAAAAAAAAAAAAAAAAAAAAAAAAAAAAAAAAAAAAAAAyKt8ZGBNoAAAAAAAAAAAAEAAMAAAkgAAAAAAAAAAAAAAAAAAAAB0NvY2tldHQAABAACAAA01CplgAAABEACAAAxkX2ygAAAAEAEAAMiq4ADImOAAx2/wAGMLwAAgBMTWFjaW50b3NoIEhEOlVzZXJzOgBXaWxsZW06AFBhcGVyczoAQ29ja2V0dDoAMjAwOWEtb24gdGhlIHdvcmQgcHJvI0M4QUI3LnBkZgAOAMwAZQAyADAAMAA5AGEALQBvAG4AIAB0AGgAZQAgAHcAbwByAGQAIABwAHIAbwBiAGwAZQBtACAAZgBvAHIAIAAkAFwAcwBpAGcAbQBhAFwAcABpACQALQBjAGEAdABlAGcAbwByAGkAZQBzACwAIABhAG4AZAAgAHQAaABlACAAcAByAG8AcABlAHIAdABpAGUAcwAgAG8AZgAgAHQAdwBvAC0AdwBhAHkAIABjAG8AbQBtAHUAbgBpAGMAYQB0AGkAbwBuAC4AcABkAGYADwAaAAwATQBhAGMAaQBuAHQAbwBzAGgAIABIAEQAEgCBVXNlcnMvV2lsbGVtL1BhcGVycy9Db2NrZXR0LzIwMDlhLW9uIHRoZSB3b3JkIHByb2JsZW0gZm9yICRcc2lnbWFccGkkLWNhdGVnb3JpZXMsIGFuZCB0aGUgcHJvcGVydGllcyBvZiB0d28td2F5IGNvbW11bmljYXRpb24ucGRmAAATAAEvAAAVAAIADf//AAAACAANABoAJACnAAAAAAAAAgEAAAAAAAAABQAAAAAAAAAAAAAAAAAAA00=}}

@inproceedings{Heijltjes-Hughes-2015,
	Author = {Willem Heijltjes and Dominic Hughes},
	Booktitle = {30th Annual ACM/IEEE Symposium on Logic in Computer Science (LICS)},
	Date-Added = {2018-01-05 16:17:57 +0000},
	Date-Modified = {2018-01-05 16:43:02 +0000},
	Keywords = {ALL, linear logic, proof nets, proof complexity, me},
	Pages = {80--91},
	Title = {Complexity bounds for sum--product logic via additive proof nets and {P}etri nets},
	Year = {2015},
	Bdsk-Url-1 = {http://dx.doi.org/10.1109/LICS.2015.18}}

@article{Hu-1999,
	Author = {Hongde Hu},
	Date-Added = {2018-01-05 16:17:31 +0000},
	Date-Modified = {2018-01-05 16:24:30 +0000},
	Journal = {Electronic Notes in Theoretical Computer Science},
	Pages = {1--11},
	Read = {Yes},
	Title = {Contractible Coherence Spaces and Maximal Maps},
	Uri = {papers://2E7C2F90-9218-4419-932D-61016E675A07/Paper/p611},
	Volume = {20},
	Year = {1999},
	Bdsk-Url-1 = {http://dx.doi.org/10.1016/S1571-0661(04)80080-X}}

@article{Girard-1996,
	Author = {Jean-Yves Girard},
	Date-Added = {2018-01-05 16:16:53 +0000},
	Date-Modified = {2018-01-05 16:16:53 +0000},
	Journal = {Logic and Algebra},
	Keywords = {linear logic, proof nets, MALL},
	Pages = {97--124},
	Read = {Yes},
	Title = {Proof-nets: the parallel syntax for proof-theory},
	Year = {1996},
	Bdsk-File-1 = {YnBsaXN0MDDSAQIDBFxyZWxhdGl2ZVBhdGhZYWxpYXNEYXRhXxBFLi4vLi4vLi4vLi4vUGFwZXJzL0dpcmFyZC8xOTk2LVByb29mLW5ldHMgdGhlIHBhcmFsbGVsIHN5bnRheCBmb3IucGRmTxEB8AAAAAAB8AACAAAMTWFjaW50b3NoIEhEAAAAAAAAAAAAAAAAAAAA01C3pkgrAAAADIuJHzE5OTYtUHJvb2YtbmV0cyB0aGUgcCNDOEI5RS5wZGYAAAAAAAAAAAAAAAAAAAAAAAAAAAAAAAAAAAAAAAAAAAAMi57E0vDWAAAAAAAAAAAABAADAAAJIAAAAAAAAAAAAAAAAAAAAAZHaXJhcmQAEAAIAADTUKmWAAAAEQAIAADE0uLGAAAAAQAQAAyLiQAMiY4ADHb/AAYwvAACAEtNYWNpbnRvc2ggSEQ6VXNlcnM6AFdpbGxlbToAUGFwZXJzOgBHaXJhcmQ6ADE5OTYtUHJvb2YtbmV0cyB0aGUgcCNDOEI5RS5wZGYAAA4AWAArADEAOQA5ADYALQBQAHIAbwBvAGYALQBuAGUAdABzACAAdABoAGUAIABwAGEAcgBhAGwAbABlAGwAIABzAHkAbgB0AGEAeAAgAGYAbwByAC4AcABkAGYADwAaAAwATQBhAGMAaQBuAHQAbwBzAGgAIABIAEQAEgBGVXNlcnMvV2lsbGVtL1BhcGVycy9HaXJhcmQvMTk5Ni1Qcm9vZi1uZXRzIHRoZSBwYXJhbGxlbCBzeW50YXggZm9yLnBkZgATAAEvAAAVAAIADf//AAAACAANABoAJABsAAAAAAAAAgEAAAAAAAAABQAAAAAAAAAAAAAAAAAAAmA=}}

@article{Girard-1987,
	Author = {Jean-Yves Girard},
	Date-Added = {2018-01-05 16:16:07 +0000},
	Date-Modified = {2018-01-05 16:24:02 +0000},
	Journal = {Theoretical Computer Science},
	Keywords = {linear logic},
	Number = {1},
	Pages = {1--102},
	Read = {Yes},
	Title = {Linear Logic},
	Volume = {50},
	Year = {1987},
	Bdsk-File-1 = {YnBsaXN0MDDSAQIDBFxyZWxhdGl2ZVBhdGhZYWxpYXNEYXRhXxAvLi4vLi4vLi4vLi4vUGFwZXJzL0dpcmFyZC8xOTg3LUxpbmVhciBMb2dpYy5wZGZPEQGkAAAAAAGkAAIAAAxNYWNpbnRvc2ggSEQAAAAAAAAAAAAAAAAAAADTULemSCsAAAAMi4kVMTk4Ny1MaW5lYXIgTG9naWMucGRmAAAAAAAAAAAAAAAAAAAAAAAAAAAAAAAAAAAAAAAAAAAAAAAAAAAAAAAAAAyLisj3AXAAAAAAAAAAAAAEAAMAAAkgAAAAAAAAAAAAAAAAAAAABkdpcmFyZAAQAAgAANNQqZYAAAARAAgAAMj3AXAAAAABABAADIuJAAyJjgAMdv8ABjC8AAIAQU1hY2ludG9zaCBIRDpVc2VyczoAV2lsbGVtOgBQYXBlcnM6AEdpcmFyZDoAMTk4Ny1MaW5lYXIgTG9naWMucGRmAAAOACwAFQAxADkAOAA3AC0ATABpAG4AZQBhAHIAIABMAG8AZwBpAGMALgBwAGQAZgAPABoADABNAGEAYwBpAG4AdABvAHMAaAAgAEgARAASADBVc2Vycy9XaWxsZW0vUGFwZXJzL0dpcmFyZC8xOTg3LUxpbmVhciBMb2dpYy5wZGYAEwABLwAAFQACAA3//wAAAAgADQAaACQAVgAAAAAAAAIBAAAAAAAAAAUAAAAAAAAAAAAAAAAAAAH+}}

@article{Whitman-1941,
	Author = {Whitman, P.M.},
	Date-Added = {2018-01-05 16:15:55 +0000},
	Date-Modified = {2018-01-05 16:15:55 +0000},
	Journal = {Annals of Mathematics},
	Keywords = {linear logic, ALL},
	Number = {1},
	Pages = {325--330},
	Title = {Free lattices},
	Volume = {42},
	Year = {1941},
	Bdsk-File-1 = {YnBsaXN0MDDSAQIDBFxyZWxhdGl2ZVBhdGhZYWxpYXNEYXRhXxAxLi4vLi4vLi4vLi4vUGFwZXJzL1doaXRtYW4vRnJlZSBsYXR0aWNlcy0xOTQxLnBkZk8RAawAAAAAAawAAgAADE1hY2ludG9zaCBIRAAAAAAAAAAAAAAAAAAAANNQt6ZIKwAAAAyOSBZGcmVlIGxhdHRpY2VzLTE5NDEucGRmAAAAAAAAAAAAAAAAAAAAAAAAAAAAAAAAAAAAAAAAAAAAAAAAAAAAAAAADI5J0AFTPQAAAAAAAAAAAAQAAwAACSAAAAAAAAAAAAAAAAAAAAAHV2hpdG1hbgAAEAAIAADTUKmWAAAAEQAIAADQAUUtAAAAAQAQAAyOSAAMiY4ADHb/AAYwvAACAENNYWNpbnRvc2ggSEQ6VXNlcnM6AFdpbGxlbToAUGFwZXJzOgBXaGl0bWFuOgBGcmVlIGxhdHRpY2VzLTE5NDEucGRmAAAOAC4AFgBGAHIAZQBlACAAbABhAHQAdABpAGMAZQBzAC0AMQA5ADQAMQAuAHAAZABmAA8AGgAMAE0AYQBjAGkAbgB0AG8AcwBoACAASABEABIAMlVzZXJzL1dpbGxlbS9QYXBlcnMvV2hpdG1hbi9GcmVlIGxhdHRpY2VzLTE5NDEucGRmABMAAS8AABUAAgAN//8AAAAIAA0AGgAkAFgAAAAAAAACAQAAAAAAAAAFAAAAAAAAAAAAAAAAAAACCA==}}

@article{Galmiche-2000,
	Author = {Didier Galmiche},
	Date-Added = {2018-01-05 15:54:27 +0000},
	Date-Modified = {2018-01-05 15:54:37 +0000},
	Journal = {Theoretical Computer Science},
	Keywords = {linear logic, ALL, proof nets},
	Pages = {231--272},
	Title = {Connection methods in linear logic and proof nets construction},
	Volume = {232},
	Year = {2000},
	Bdsk-File-1 = {YnBsaXN0MDDSAQIDBFxyZWxhdGl2ZVBhdGhZYWxpYXNEYXRhXxBWLi4vLi4vLi4vLi4vUGFwZXJzL0dhbG1pY2hlL0Nvbm5lY3Rpb24gbWV0aG9kcyBpbiBsaW5lYXIgbG9naWMgYW5kIHByb29mIG5ldHMtMjAwMC5wZGZPEQIkAAAAAAIkAAIAAAxNYWNpbnRvc2ggSEQAAAAAAAAAAAAAAAAAAADTULemSCsAAAAMi1EfQ29ubmVjdGlvbiBtZXRob2RzIGluI0M4QjU1LnBkZgAAAAAAAAAAAAAAAAAAAAAAAAAAAAAAAAAAAAAAAAAAAAyLVdHClPMAAAAAAAAAAAAEAAMAAAkgAAAAAAAAAAAAAAAAAAAACEdhbG1pY2hlABAACAAA01CplgAAABEACAAA0cKG4wAAAAEAEAAMi1EADImOAAx2/wAGMLwAAgBNTWFjaW50b3NoIEhEOlVzZXJzOgBXaWxsZW06AFBhcGVyczoAR2FsbWljaGU6AENvbm5lY3Rpb24gbWV0aG9kcyBpbiNDOEI1NS5wZGYAAA4AdgA6AEMAbwBuAG4AZQBjAHQAaQBvAG4AIABtAGUAdABoAG8AZABzACAAaQBuACAAbABpAG4AZQBhAHIAIABsAG8AZwBpAGMAIABhAG4AZAAgAHAAcgBvAG8AZgAgAG4AZQB0AHMALQAyADAAMAAwAC4AcABkAGYADwAaAAwATQBhAGMAaQBuAHQAbwBzAGgAIABIAEQAEgBXVXNlcnMvV2lsbGVtL1BhcGVycy9HYWxtaWNoZS9Db25uZWN0aW9uIG1ldGhvZHMgaW4gbGluZWFyIGxvZ2ljIGFuZCBwcm9vZiBuZXRzLTIwMDAucGRmAAATAAEvAAAVAAIADf//AAAACAANABoAJAB9AAAAAAAAAgEAAAAAAAAABQAAAAAAAAAAAAAAAAAAAqU=}}

@unpublished{Galmiche-Marion-1995,
	Author = {Didier Galmiche and Jean-Yves Marion},
	Date-Added = {2018-01-05 15:54:19 +0000},
	Date-Modified = {2018-01-05 15:54:19 +0000},
	Keywords = {ALL, linear logic, proof search},
	Note = {Short paper in Theorem Proving with Analytic Tableaux, 4th International Workshop (TABLEAUX'95). Available from the first author's webpage},
	Title = {{S}emantic {P}roof {S}earch {M}ethods for {ALL} -- a first approach --},
	Year = {1995},
	Bdsk-File-1 = {YnBsaXN0MDDSAQIDBFxyZWxhdGl2ZVBhdGhZYWxpYXNEYXRhXxBKLi4vLi4vLi4vLi4vUGFwZXJzL0dhbG1pY2hlL1NlbWFudGljIFByb29mIFNlYXJjaCBNZXRob2RzIGZvciBBTEwtMTk5NS5wZGZPEQIAAAAAAAIAAAIAAAxNYWNpbnRvc2ggSEQAAAAAAAAAAAAAAAAAAADTULemSCsAAAAMi1EfU2VtYW50aWMgUHJvb2YgU2VhcmNoI0M4QjU5LnBkZgAAAAAAAAAAAAAAAAAAAAAAAAAAAAAAAAAAAAAAAAAAAAyLWdHCm2QAAAAAAAAAAAAEAAMAAAkgAAAAAAAAAAAAAAAAAAAACEdhbG1pY2hlABAACAAA01CplgAAABEACAAA0cKNVAAAAAEAEAAMi1EADImOAAx2/wAGMLwAAgBNTWFjaW50b3NoIEhEOlVzZXJzOgBXaWxsZW06AFBhcGVyczoAR2FsbWljaGU6AFNlbWFudGljIFByb29mIFNlYXJjaCNDOEI1OS5wZGYAAA4AXgAuAFMAZQBtAGEAbgB0AGkAYwAgAFAAcgBvAG8AZgAgAFMAZQBhAHIAYwBoACAATQBlAHQAaABvAGQAcwAgAGYAbwByACAAQQBMAEwALQAxADkAOQA1AC4AcABkAGYADwAaAAwATQBhAGMAaQBuAHQAbwBzAGgAIABIAEQAEgBLVXNlcnMvV2lsbGVtL1BhcGVycy9HYWxtaWNoZS9TZW1hbnRpYyBQcm9vZiBTZWFyY2ggTWV0aG9kcyBmb3IgQUxMLTE5OTUucGRmAAATAAEvAAAVAAIADf//AAAACAANABoAJABxAAAAAAAAAgEAAAAAAAAABQAAAAAAAAAAAAAAAAAAAnU=}}

@inproceedings{str:RTA07,
	Author = {Lutz Stra{\ss}burger},
	Booktitle = {Term Rewriting and Applications, RTA'07},
	Date-Modified = {2018-01-21 05:29:06 +0000},
	Editor = {Franz Baader},
	Pages = {344--358},
	Series = {LNCS},
	Title = {A Characterisation of Medial as Rewriting Rule},
	Volume = 4533,
	Year = 2007}
