%% This BibTeX bibliography file was created using BibDesk.
%% http://bibdesk.sourceforge.net/


%% Created for Willem Heijltjes at 2019-04-15 22:34:13 +0100 


%% Saved with string encoding Unicode (UTF-8) 

@Unpublished{Hughes-2019-fopws,
	Author="Hughes, Dominic J. D.",
	Title="First-order proofs without syntax",
	Note="Available at arXiv.org",
	Year={2019}}


@article{Danos-Regnier-1989,
	Author = {Danos, Vincent and Regnier, Laurent},
	Date-Added = {2019-04-15 22:32:19 +0100},
	Date-Modified = {2019-04-15 22:32:19 +0100},
	Issue = {3},
	Journal = {Archive for Mathematical Logic},
	Pages = {181-203},
	Publisher = {Springer Berlin / Heidelberg},
	Title = {The structure of multiplicatives},
	Volume = {28},
	Year = {1989}}

@inproceedings{Hetzl-2010,
	Author = {Stefan Hetzl},
	Booktitle = {Computer Science Logic (CSL)},
	Date-Added = {2019-02-08 16:48:49 +0000},
	Date-Modified = {2019-02-08 16:48:49 +0000},
	Keywords = {first-order, explicit substitution, classical logic},
	Pages = {351--365},
	Series = {LNCS},
	Title = {A sequent calculus with implicit term representation},
	Volume = {6247},
	Year = {2010}}

@techreport{Heijltjes-Hughes-Strassburger-2018,
	Author = {Willem Heijltjes and Dominic J. D. Hughes and Lutz Stra{\ss}burger},
	Date-Added = {2019-02-08 16:48:38 +0000},
	Date-Modified = {2019-02-10 23:47:43 +0000},
	Institution = {INRIA},
	Keywords = {proof nets, linear logic, first-order, me},
	Number = {RR-9201},
	Title = {Proof nets for first-order additive linear logic},
	Url = {hal.inria.fr/hal-01867625/},
	Year = {2018}}

@inproceedings{Honda-Vasconcelos-Kubo-1998,
	Author = {Kohei Honda and Vasco Vasconcelos and Makoto Kubo},
	Booktitle = {European Symposium on Programming},
	Date-Added = {2018-09-03 23:19:56 +0100},
	Date-Modified = {2018-09-03 23:19:56 +0100},
	Keywords = {session types, pi-calculus},
	Pages = {122--138},
	Title = {Language primitives and type disciplines for structured communication-based programming.},
	Year = {1998}}

@article{Joyal-1995,
	Author = {Andre Joyal},
	Date-Added = {2018-09-03 23:18:51 +0100},
	Date-Modified = {2018-09-03 23:19:27 +0100},
	Journal = {Proc. 10th Int. Cong. of Logic, Methodology and Philosophy of Science},
	Keywords = {ALL, game semantics, linear logic},
	Title = {Free Lattices, Communication and Money Games},
	Year = {1995}}

@article{Wadler-2014,
	Author = {Philip Wadler},
	Date-Added = {2018-09-03 23:18:18 +0100},
	Date-Modified = {2018-09-03 23:18:18 +0100},
	Journal = {Journal of Functional Programming},
	Keywords = {session types, linear logic, pi-calculus},
	Number = {2-3},
	Pages = {384--418},
	Title = {Propositions as Sessions},
	Volume = {24},
	Year = {2014}}

@inproceedings{Caires-Pfenning-2010,
	Author = {Lu{\'\i}s Caires and Frank Pfenning},
	Booktitle = {CONCUR},
	Date-Added = {2018-09-03 23:18:01 +0100},
	Date-Modified = {2018-09-03 23:18:01 +0100},
	Keywords = {session types, linear logic, pi-calculus},
	Pages = {222--236},
	Series = {LNCS},
	Title = {Session types as intuitionistic linear propositions},
	Volume = {6269},
	Year = {2010}}

@article{Lambek-1968-1972,
	Author = {Joachim Lambek},
	Date-Added = {2018-08-03 08:58:36 +0000},
	Date-Modified = {2018-08-07 12:22:35 +0000},
	Journal = {Theory of Computing Systems (I), Lecture Notes in Mathematics (II, III)},
	Title = {Deductive Systems and Categories {I}, {II}, {III}},
	Year = {1968--1972}}

@article{Lambek-1968,
	Author = {Joachim Lambek},
	Date-Added = {2018-08-03 08:33:59 +0000},
	Date-Modified = {2018-08-03 08:33:59 +0000},
	Journal = {Theory of Computing Systems},
	Number = {4},
	Pages = {287--318},
	Title = {Deductive Systems and Categories {I}},
	Volume = {2},
	Year = {1968}}

@article{Lambek-1969,
	Author = {Joachim Lambek},
	Date-Added = {2018-08-03 08:33:59 +0000},
	Date-Modified = {2018-08-03 08:33:59 +0000},
	Journal = {Lecture Notes in Mathematics},
	Pages = {76--122},
	Title = {Deductive Systems and Categories {II}},
	Volume = {86},
	Year = {1969}}

@article{Lambek-1972,
	Author = {Joachim Lambek},
	Date-Added = {2018-08-03 08:33:59 +0000},
	Date-Modified = {2018-08-03 08:33:59 +0000},
	Journal = {Lecture Notes in Mathematics},
	Pages = {57--82},
	Title = {Deductive Systems and Categories {III}},
	Volume = {274},
	Year = {1972}}

@inproceedings{Maieli-2007,
	Author = {Roberto Maieli},
	Booktitle = {14th Int. Conf. Logic for Programming Artificial Intelligence and Reasoning (LPAR)},
	Date-Added = {2018-04-21 08:47:55 +0000},
	Date-Modified = {2019-02-10 22:51:22 +0000},
	Keywords = {proof nets, linear logic, MALL},
	Pages = {363--377},
	Title = {Retractile Proof Nets of the Purely Multiplicative and Additive Fragment of Linear Logic},
	Year = {2007}}

@inproceedings{Hughes-2018,
	Author = {Hughes, Dominic J. D.},
	Booktitle = {33rd Annual {ACM/IEEE} Symposium on Logic in Computer Science (LICS)},
	Date-Added = {2018-01-21 07:26:34 +0000},
	Date-Modified = {2018-08-07 10:52:05 +0000},
	Title = {Unification nets: canonical proof net quantifiers},
	Year = {2018}}

@article{Hughes-vanGlabbeek-2005,
	Author = {Dominic J. D. Hughes and Rob {van Glabbeek}},
	Date-Added = {2018-01-21 05:35:59 +0000},
	Date-Modified = {2018-01-21 05:35:59 +0000},
	Journal = {Transactions on Computational Logic},
	Keywords = {linear logic, proof nets, MALL},
	Number = {4},
	Pages = {784--842},
	Read = {Yes},
	Title = {Proof nets for unit-free multiplicative-additive linear logic},
	Volume = {6},
	Year = {2005}}

@article{Guerrini-Masini-2001,
	Author = {Stefano Guerrini and Andrea Masini},
	Date-Added = {2018-01-21 05:33:53 +0000},
	Date-Modified = {2018-01-21 05:33:53 +0000},
	Journal = {Theoretical Computer Science},
	Keywords = {linear logic, proof nets, MELL},
	Number = {1-2},
	Pages = {317--335},
	Title = {Parsing {MELL} proof nets},
	Volume = {254},
	Year = {2001}}

@article{Miller-1987,
	Author = {Dale Miller},
	Date-Added = {2018-01-20 12:38:21 +0000},
	Date-Modified = {2019-02-10 22:50:48 +0000},
	Journal = {Studia Logica},
	Number = {4},
	Pages = {347--370},
	Title = {A Compact Representation of Proofs},
	Uri = {papers://2E7C2F90-9218-4419-932D-61016E675A07/Paper/p15},
	Volume = {46},
	Year = {1987}}

@inproceedings{Honda-1993,
	Author = {Kohei Honda},
	Booktitle = {International Conference on Concurrency Theory (CONCUR)},
	Date-Added = {2018-01-19 16:37:34 +0000},
	Date-Modified = {2018-01-19 16:37:34 +0000},
	Pages = {509--523},
	Title = {Types for dyadic interaction},
	Year = {1993}}

@article{Hughes-2006-proofs,
	Author = {Dominic J. D. Hughes},
	Date-Added = {2018-01-19 16:28:12 +0000},
	Date-Modified = {2018-01-19 16:28:12 +0000},
	Journal = {Annals of Mathematics},
	Number = {3},
	Pages = {1065--1076},
	Title = {Proofs Without Syntax},
	Uri = {papers://2E7C2F90-9218-4419-932D-61016E675A07/Paper/p11},
	Volume = {164},
	Year = {2006}}

@inproceedings{Hughes-Heijltjes-2016,
	Author = {Dominic J. D. Hughes and Willem Heijltjes},
	Booktitle = {31st Annual {ACM/IEEE} Symposium on Logic in Computer Science (LICS)},
	Date-Added = {2018-01-19 16:27:02 +0000},
	Date-Modified = {2018-01-21 05:34:28 +0000},
	Keywords = {linear logic, MALL, proof nets, proof complexity, me},
	Title = {Conflict nets: efficient locally canonical MALL proof nets},
	Year = {2016},
	Bdsk-Url-1 = {http://dx.doi.org/10.1145/2933575.2934559}}

@article{Santocanale-2002a,
	Author = {Luigi Santocanale},
	Date-Added = {2018-01-19 16:26:25 +0000},
	Date-Modified = {2018-01-19 16:26:25 +0000},
	Journal = {Journal of Pure and Applied Algebra},
	Keywords = {fixed points, mu-calculus, linear logic, ALL},
	Number = {2},
	Pages = {227--264},
	Title = {Free $\mu$-lattices},
	Volume = {168},
	Year = {2002}}

@article{Abramsky-2003,
	Author = {Samson Abramsky},
	Date-Added = {2018-01-19 16:23:13 +0000},
	Date-Modified = {2018-01-19 16:23:40 +0000},
	Journal = {Mathematical Structures in Computer Science},
	Keywords = {game semantics, linear logic},
	Number = {4},
	Pages = {531--565},
	Read = {Yes},
	Title = {Sequentiality vs.\ Concurrency in Games and Logic},
	Volume = {13},
	Year = {2003}}

@article{Mimram-2011,
	Author = {Samuel Mimram},
	Date-Added = {2018-01-10 22:35:56 +0000},
	Date-Modified = {2018-01-11 10:13:24 +0000},
	Journal = {Mathematical Structures in Computer Science},
	Number = {1},
	Pages = {65--110},
	Read = {Yes},
	Title = {The Structure of First-Order Causality},
	Volume = {21},
	Year = {2011}}

@article{Guerrini-2011,
	Author = {Stefano Guerrini},
	Date-Added = {2018-01-05 16:28:49 +0000},
	Date-Modified = {2018-01-05 16:40:18 +0000},
	Journal = {Theoretical Computer Science},
	Keywords = {proof nets, computational complexity},
	Number = {20},
	Pages = {1958--1978},
	Title = {A Linear Algorithm for {MLL} Proof Net Correctness and Sequentialization},
	Volume = {412},
	Year = {2011}}

@article{Heijltjes-2010,
	Author = {Willem Heijltjes},
	Date-Added = {2018-01-05 16:23:23 +0000},
	Date-Modified = {2019-02-10 23:39:24 +0000},
	Journal = {Ann. Pure Appl. Logic},
	Keywords = {cut elimination, classical logic, game semantics, me},
	Number = {11},
	Pages = {1346--1366},
	Title = {Classical proof forestry},
	Volume = {161},
	Year = {2010},
	Bdsk-Url-1 = {http://dx.doi.org/10.1016/j.apal.2010.04.006}}

@incollection{Herbrand-1930,
	Author = {Jacques Herbrand},
	Booktitle = {From {F}rege to {G\"o}del: A source book in mathematical logic, 1879--1931},
	Date-Added = {2018-01-05 16:22:45 +0000},
	Date-Modified = {2018-01-05 16:22:45 +0000},
	Editor = {Jean {van Heijenoort}},
	Pages = {525--581},
	Publisher = {Harvard University Press},
	Title = {Investigations in proof theory: The properties of true propositions},
	Year = {1967}}

@phdthesis{Danos-1990,
	Author = {Vincent Danos},
	Date-Added = {2018-01-05 16:19:39 +0000},
	Date-Modified = {2018-01-05 16:19:39 +0000},
	Keywords = {linear logic, lambda-calculus},
	School = {Universit{\'e} Paris 7},
	Title = {La Logique Lin{\'e}aire appliqu{\'e}e {\`a} l'{\'e}tude de divers processus de normalisation (principalement du {L}ambda-calcul)},
	Year = {1990}}

@inproceedings{Heijltjes-2011,
	Author = {Willem Heijltjes},
	Booktitle = {26th Annual IEEE Symposium on Logic in Computer Science (LICS)},
	Date-Added = {2018-01-05 16:19:10 +0000},
	Date-Modified = {2018-01-05 16:30:01 +0000},
	Keywords = {proof nets, linear logic, ALL, me},
	Pages = {207--216},
	Title = {Proof nets for additive linear logic with units},
	Year = {2011}}

@phdthesis{Heijltjes-2012,
	Author = {Willem Heijltjes},
	Date-Added = {2018-01-05 16:19:10 +0000},
	Date-Modified = {2018-01-05 16:19:10 +0000},
	Keywords = {proof nets, me},
	School = {School of Informatics, University of Edinburgh},
	Title = {Graphical representation of canonical proof: {T}wo case studies},
	Year = {2012}}

@inproceedings{Cockett-Santocanale-2009,
	Author = {Robin Cockett and Luigi Santocanale},
	Booktitle = {Computer Science Logic (CSL), 18th Annual Conference of the EACSL},
	Date-Added = {2018-01-05 16:18:26 +0000},
	Date-Modified = {2019-02-10 23:41:57 +0000},
	Keywords = {linear logic, ALL, categorical semantics},
	Pages = {194--208},
	Read = {Yes},
	Title = {On the Word Problem for {$\Sigma\Pi$}-Categories, and the Properties of Two-Way Communication},
	Year = {2009}}

@inproceedings{Heijltjes-Hughes-2015,
	Author = {Willem Heijltjes and Dominic J. D. Hughes},
	Booktitle = {30th Annual ACM/IEEE Symposium on Logic in Computer Science (LICS)},
	Date-Added = {2018-01-05 16:17:57 +0000},
	Date-Modified = {2018-01-05 16:43:02 +0000},
	Keywords = {ALL, linear logic, proof nets, proof complexity, me},
	Pages = {80--91},
	Title = {Complexity bounds for sum--product logic via additive proof nets and {P}etri nets},
	Year = {2015},
	Bdsk-Url-1 = {http://dx.doi.org/10.1109/LICS.2015.18}}

@article{Hu-1999,
	Author = {Hongde Hu},
	Date-Added = {2018-01-05 16:17:31 +0000},
	Date-Modified = {2018-01-05 16:24:30 +0000},
	Journal = {Electronic Notes in Theoretical Computer Science},
	Pages = {1--11},
	Read = {Yes},
	Title = {Contractible Coherence Spaces and Maximal Maps},
	Uri = {papers://2E7C2F90-9218-4419-932D-61016E675A07/Paper/p611},
	Volume = {20},
	Year = {1999},
	Bdsk-Url-1 = {http://dx.doi.org/10.1016/S1571-0661(04)80080-X}}

@article{Girard-1996,
	Author = {Jean-Yves Girard},
	Date-Added = {2018-01-05 16:16:53 +0000},
	Date-Modified = {2018-01-05 16:16:53 +0000},
	Journal = {Logic and Algebra},
	Keywords = {linear logic, proof nets, MALL},
	Pages = {97--124},
	Read = {Yes},
	Title = {Proof-nets: the parallel syntax for proof-theory},
	Year = {1996}}

@article{Girard-1987,
	Author = {Jean-Yves Girard},
	Date-Added = {2018-01-05 16:16:07 +0000},
	Date-Modified = {2018-01-05 16:24:02 +0000},
	Journal = {Theoretical Computer Science},
	Keywords = {linear logic},
	Number = {1},
	Pages = {1--102},
	Read = {Yes},
	Title = {Linear Logic},
	Volume = {50},
	Year = {1987}}

@article{Whitman-1941,
	Author = {Whitman, P.M.},
	Date-Added = {2018-01-05 16:15:55 +0000},
	Date-Modified = {2018-01-05 16:15:55 +0000},
	Journal = {Annals of Mathematics},
	Keywords = {linear logic, ALL},
	Number = {1},
	Pages = {325--330},
	Title = {Free lattices},
	Volume = {42},
	Year = {1941}}

@article{Galmiche-2000,
	Author = {Didier Galmiche},
	Date-Added = {2018-01-05 15:54:27 +0000},
	Date-Modified = {2018-01-05 15:54:37 +0000},
	Journal = {Theoretical Computer Science},
	Keywords = {linear logic, ALL, proof nets},
	Pages = {231--272},
	Title = {Connection methods in linear logic and proof nets construction},
	Volume = {232},
	Year = {2000}}

@unpublished{Galmiche-Marion-1995,
	Author = {Didier Galmiche and Jean-Yves Marion},
	Date-Added = {2018-01-05 15:54:19 +0000},
	Date-Modified = {2018-01-05 15:54:19 +0000},
	Keywords = {ALL, linear logic, proof search},
	Note = {Short paper in Theorem Proving with Analytic Tableaux, 4th International Workshop (TABLEAUX'95). Available from the first author's webpage},
	Title = {{S}emantic {P}roof {S}earch {M}ethods for {ALL} -- a first approach --},
	Year = {1995}}

@inproceedings{str:RTA07,
	Author = {Lutz Stra{\ss}burger},
	Booktitle = {Term Rewriting and Applications, RTA'07},
	Date-Modified = {2018-01-21 05:29:06 +0000},
	Editor = {Franz Baader},
	Pages = {344--358},
	Series = {LNCS},
	Title = {A Characterisation of Medial as Rewriting Rule},
	Volume = 4533,
	Year = 2007}
